<record><leader>00000cas a22000007a 4500</leader><controlfield tag="001">17164438</controlfield><controlfield tag="008">871203d1uuu1916txuwr ne      0    0eng d</controlfield><datafield ind1=" " ind2=" " tag="010"><subfield code="a">sn 87091241 </subfield></datafield><datafield ind1=" " ind2=" " tag="040"><subfield code="a">PPM</subfield><subfield code="b">eng</subfield><subfield code="c">PPM</subfield><subfield code="d">OCLCQ</subfield></datafield><datafield ind1=" " ind2=" " tag="042"><subfield code="a">msc</subfield></datafield><datafield ind1="0" ind2="0" tag="245"><subfield code="a">Miles messenger and enterprise.</subfield></datafield><datafield ind1=" " ind2=" " tag="260"><subfield code="a">Miles, Tex. :</subfield><subfield code="b">Tom P. Cooper</subfield></datafield><datafield ind1=" " ind2=" " tag="310"><subfield code="a">Weekly</subfield></datafield><datafield ind1="0" ind2=" " tag="362"><subfield code="a">-v. 16, no. 42 (Oct. 6, 1916).</subfield></datafield><datafield ind1=" " ind2=" " tag="588"><subfield code="a">Description based on: Vol. 15, no. 19 (Aug. 15, 1915).</subfield></datafield><datafield ind1=" " ind2=" " tag="752"><subfield code="a">United States</subfield><subfield code="b">Texas</subfield><subfield code="c">Runnels</subfield><subfield code="d">Miles.</subfield></datafield><datafield ind1="0" ind2="0" tag="785"><subfield code="t">Miles messenger (Miles, Tex.)</subfield><subfield code="w">(DLC)sn 87091240</subfield></datafield></record>